<?xml version="1.0" encoding="UTF-8"?><collection xmlns="http://www.loc.gov/MARC21/slim"><record><leader>00591nam--2200205-i-4500</leader><controlfield tag="001">000012573</controlfield><controlfield tag="002">20161230</controlfield><controlfield tag="005">20161230201029</controlfield><controlfield tag="008">060222s1000------------r-----000-0-rum-d</controlfield><datafield ind1=" " ind2=" " tag="040"><subfield code="a">IFIN-HH</subfield></datafield><datafield ind1=" " ind2=" " tag="041"><subfield code="a">rum</subfield></datafield><datafield ind1=" " ind2=" " tag="080"><subfield code="a">538.955</subfield></datafield><datafield ind1="1" ind2=" " tag="100"><subfield code="a">Calugaru, Gheorghe</subfield></datafield><datafield ind1="1" ind2="0" tag="245"><subfield code="a">Lichide magnetice</subfield><subfield code="c">Gheorghe calugaru, constantin cotae</subfield></datafield><datafield ind1=" " ind2=" " tag="260"><subfield code="a">Bucuresti</subfield><subfield code="b">Editura Stiintifica Si Enciclopedica</subfield><subfield code="c">1978</subfield></datafield><datafield ind1=" " ind2=" " tag="300"><subfield code="a">92P</subfield></datafield><datafield ind1=" " ind2=" " tag="490"><subfield code="a">Stiinta Pentru Toti; Cunostinte Tehnico-profesionale</subfield><subfield code="v">No. 39</subfield></datafield><datafield ind1="1" ind2=" " tag="700"><subfield code="a">Cotae, Constantin</subfield></datafield><datafield ind1=" " ind2=" " tag="852"><subfield code="a">45834</subfield><subfield code="c">539.2</subfield></datafield><datafield ind1=" " ind2=" " tag="CAT"><subfield code="a">Sys</subfield><subfield code="c">20121026</subfield><subfield code="h">140220</subfield></datafield></record></collection>